[gd_scene load_steps=7 format=2]

[ext_resource path="res://Data/Gegner/ConnectionIIbig.tres" type="DynamicFont" id=1]
[ext_resource path="res://Data/Gegner/ConnectionIImedium.tres" type="DynamicFont" id=2]
[ext_resource path="res://Data/UI/GameOverScreen.gd" type="Script" id=3]
[ext_resource path="res://Data/Gegner/ConnectionII.otf" type="DynamicFontData" id=4]

[sub_resource type="StyleBoxFlat" id=1]
bg_color = Color( 0.196078, 0.219608, 0.196078, 1 )
border_width_left = 10
border_width_top = 10
border_width_right = 10
border_width_bottom = 10
border_color = Color( 0, 0, 0, 1 )

[sub_resource type="DynamicFont" id=2]
size = 30
outline_color = Color( 1, 0, 0, 1 )
font_data = ExtResource( 4 )

[node name="GameOverScreen" type="CanvasLayer"]
script = ExtResource( 3 )

[node name="PanelContainer" type="PanelContainer" parent="."]
margin_left = 40.0
margin_top = 40.0
margin_right = 984.0
margin_bottom = 560.0
custom_styles/panel = SubResource( 1 )

[node name="MarginContainer" type="MarginContainer" parent="PanelContainer"]
margin_left = 10.0
margin_top = 10.0
margin_right = 934.0
margin_bottom = 510.0
custom_constants/margin_right = 40
custom_constants/margin_top = 40
custom_constants/margin_left = 40
custom_constants/margin_bottom = 40
__meta__ = {
"_edit_use_anchors_": false
}

[node name="Rows" type="VBoxContainer" parent="PanelContainer/MarginContainer"]
margin_left = 40.0
margin_top = 40.0
margin_right = 884.0
margin_bottom = 460.0
custom_constants/separation = 90

[node name="Titel" type="Label" parent="PanelContainer/MarginContainer/Rows"]
margin_right = 844.0
margin_bottom = 50.0
custom_fonts/font = ExtResource( 1 )
text = "Game Over"
align = 1

[node name="CenterContainer" type="CenterContainer" parent="PanelContainer/MarginContainer/Rows"]
margin_top = 140.0
margin_right = 844.0
margin_bottom = 322.0

[node name="VBoxContainer" type="VBoxContainer" parent="PanelContainer/MarginContainer/Rows/CenterContainer"]
margin_left = 264.0
margin_right = 579.0
margin_bottom = 182.0
custom_constants/separation = 40
__meta__ = {
"_edit_use_anchors_": false
}

[node name="Label" type="Label" parent="PanelContainer/MarginContainer/Rows/CenterContainer/VBoxContainer"]
margin_right = 315.0
margin_bottom = 30.0
custom_fonts/font = SubResource( 2 )
text = "You are knocked out"
align = 1

[node name="Restart" type="Button" parent="PanelContainer/MarginContainer/Rows/CenterContainer/VBoxContainer"]
margin_top = 70.0
margin_right = 315.0
margin_bottom = 106.0
custom_fonts/font = ExtResource( 2 )
text = " Restart "
__meta__ = {
"_edit_use_anchors_": false
}

[node name="Quit" type="Button" parent="PanelContainer/MarginContainer/Rows/CenterContainer/VBoxContainer"]
margin_top = 146.0
margin_right = 315.0
margin_bottom = 182.0
custom_fonts/font = ExtResource( 2 )
text = " Quit "
__meta__ = {
"_edit_use_anchors_": false
}

[connection signal="pressed" from="PanelContainer/MarginContainer/Rows/CenterContainer/VBoxContainer/Restart" to="." method="_on_Restart_pressed"]
[connection signal="pressed" from="PanelContainer/MarginContainer/Rows/CenterContainer/VBoxContainer/Quit" to="." method="_on_Quit_pressed"]
