[gd_scene load_steps=53 format=2]

[ext_resource path="res://Data/Skript/Player.gd" type="Script" id=1]
[ext_resource path="res://Data/Assets/Game assets/gehen.png" type="Texture" id=2]
[ext_resource path="res://Data/Assets/Game assets/Playe-Sheet1.png" type="Texture" id=3]
[ext_resource path="res://Data/Skript/Punch.gd" type="Script" id=4]
[ext_resource path="res://Data/Player.tres" type="AnimationNodeStateMachine" id=5]
[ext_resource path="res://Data/Assets/Soundeffekts/Boxen/woosch sounds 1.wav" type="AudioStream" id=6]
[ext_resource path="res://Data/Assets/Soundeffekts/Boxen/woosch sounds.wav" type="AudioStream" id=7]
[ext_resource path="res://Data/Assets/Soundeffekts/Boxen/woosch sounds2.wav" type="AudioStream" id=8]
[ext_resource path="res://Data/Deth .tres" type="Animation" id=9]
[ext_resource path="res://Data/Gegner/Deth unten.tres" type="Animation" id=10]
[ext_resource path="res://Data/Gegner/Deth untercut.tres" type="Animation" id=11]
[ext_resource path="res://Data/Assets/Soundeffekts/Boxen/Schritte 1.wav" type="AudioStream" id=12]
[ext_resource path="res://Data/Assets/Soundeffekts/Boxen/Schritte 2.wav" type="AudioStream" id=13]
[ext_resource path="res://Data/Assets/Soundeffekts/Boxen/Schritte 3.wav" type="AudioStream" id=14]
[ext_resource path="res://Data/Assets/Soundeffekts/Boxen/Schritte .wav" type="AudioStream" id=15]
[ext_resource path="res://Data/Assets/Soundeffekts/Boxen/damage 1.wav" type="AudioStream" id=16]
[ext_resource path="res://Data/Assets/Soundeffekts/Boxen/damage.wav" type="AudioStream" id=17]
[ext_resource path="res://Data/Assets/Soundeffekts/Boxen/Block.wav" type="AudioStream" id=18]
[ext_resource path="res://Data/Assets/Soundeffekts/Boxen/gegner/Punch sound.wav" type="AudioStream" id=19]
[ext_resource path="res://Data/Assets/Soundeffekts/Boxen/gegner/Punch sound 1.wav" type="AudioStream" id=20]
[ext_resource path="res://Data/Assets/Soundeffekts/Boxen/dath1.wav" type="AudioStream" id=21]
[ext_resource path="res://Data/Assets/Soundeffekts/Boxen/death.wav" type="AudioStream" id=22]
[ext_resource path="res://Data/Assets/Soundeffekts/Boxen/Drop.wav" type="AudioStream" id=23]
[ext_resource path="res://Data/partikel/Blutspieler.tres" type="Material" id=24]

[sub_resource type="RectangleShape2D" id=189]
extents = Vector2( 3.01661, 4.38572 )

[sub_resource type="RectangleShape2D" id=190]
extents = Vector2( 6.77761, 8.42572 )

[sub_resource type="RectangleShape2D" id=191]
extents = Vector2( 8.14654, 24.3586 )

[sub_resource type="Animation" id=195]
tracks/0/type = "value"
tracks/0/path = NodePath("Sprite/Block/Block:disabled")
tracks/0/interp = 1
tracks/0/loop_wrap = true
tracks/0/imported = false
tracks/0/enabled = true
tracks/0/keys = {
"times": PoolRealArray( 0 ),
"transitions": PoolRealArray( 1 ),
"update": 1,
"values": [ false ]
}
tracks/1/type = "value"
tracks/1/path = NodePath("Sprite/Block/Block:position")
tracks/1/interp = 1
tracks/1/loop_wrap = true
tracks/1/imported = false
tracks/1/enabled = true
tracks/1/keys = {
"times": PoolRealArray( 0 ),
"transitions": PoolRealArray( 1 ),
"update": 0,
"values": [ Vector2( 0.354028, -8.049 ) ]
}
tracks/2/type = "value"
tracks/2/path = NodePath("Sprite:frame")
tracks/2/interp = 1
tracks/2/loop_wrap = true
tracks/2/imported = false
tracks/2/enabled = true
tracks/2/keys = {
"times": PoolRealArray( 0 ),
"transitions": PoolRealArray( 1 ),
"update": 1,
"values": [ 8 ]
}

[sub_resource type="Animation" id=196]
tracks/0/type = "value"
tracks/0/path = NodePath("Sprite:frame")
tracks/0/interp = 1
tracks/0/loop_wrap = true
tracks/0/imported = false
tracks/0/enabled = true
tracks/0/keys = {
"times": PoolRealArray( 0 ),
"transitions": PoolRealArray( 1 ),
"update": 1,
"values": [ 9 ]
}
tracks/1/type = "value"
tracks/1/path = NodePath("Sprite/Block/Block:disabled")
tracks/1/interp = 1
tracks/1/loop_wrap = true
tracks/1/imported = false
tracks/1/enabled = true
tracks/1/keys = {
"times": PoolRealArray( 0 ),
"transitions": PoolRealArray( 1 ),
"update": 1,
"values": [ false ]
}
tracks/2/type = "value"
tracks/2/path = NodePath("Sprite/Block/Block:position")
tracks/2/interp = 1
tracks/2/loop_wrap = true
tracks/2/imported = false
tracks/2/enabled = true
tracks/2/keys = {
"times": PoolRealArray( 0 ),
"transitions": PoolRealArray( 1 ),
"update": 0,
"values": [ Vector2( 2, -17 ) ]
}

[sub_resource type="Animation" id=197]
tracks/0/type = "value"
tracks/0/path = NodePath("Sprite:frame")
tracks/0/interp = 1
tracks/0/loop_wrap = true
tracks/0/imported = false
tracks/0/enabled = true
tracks/0/keys = {
"times": PoolRealArray( 0 ),
"transitions": PoolRealArray( 1 ),
"update": 1,
"values": [ 7 ]
}
tracks/1/type = "value"
tracks/1/path = NodePath("Sprite/Block/Block:disabled")
tracks/1/interp = 1
tracks/1/loop_wrap = true
tracks/1/imported = false
tracks/1/enabled = true
tracks/1/keys = {
"times": PoolRealArray( 0 ),
"transitions": PoolRealArray( 1 ),
"update": 1,
"values": [ false ]
}
tracks/2/type = "value"
tracks/2/path = NodePath("Sprite/Block/Block:position")
tracks/2/interp = 1
tracks/2/loop_wrap = true
tracks/2/imported = false
tracks/2/enabled = true
tracks/2/keys = {
"times": PoolRealArray( 0 ),
"transitions": PoolRealArray( 1 ),
"update": 0,
"values": [ Vector2( 2, 1 ) ]
}

[sub_resource type="Animation" id=198]
length = 0.5
tracks/0/type = "value"
tracks/0/path = NodePath("Sprite:frame")
tracks/0/interp = 1
tracks/0/loop_wrap = true
tracks/0/imported = false
tracks/0/enabled = true
tracks/0/keys = {
"times": PoolRealArray( 0, 0.1 ),
"transitions": PoolRealArray( 1, 1 ),
"update": 1,
"values": [ 26, 27 ]
}
tracks/1/type = "value"
tracks/1/path = NodePath("Sprite/Punch/CollisionShape2D:disabled")
tracks/1/interp = 1
tracks/1/loop_wrap = true
tracks/1/imported = false
tracks/1/enabled = true
tracks/1/keys = {
"times": PoolRealArray( 0, 0.2 ),
"transitions": PoolRealArray( 1, 1 ),
"update": 0,
"values": [ false, true ]
}
tracks/2/type = "value"
tracks/2/path = NodePath("Sprite2:frame")
tracks/2/interp = 1
tracks/2/loop_wrap = true
tracks/2/imported = false
tracks/2/enabled = true
tracks/2/keys = {
"times": PoolRealArray( 0, 0.5 ),
"transitions": PoolRealArray( 1, 1 ),
"update": 1,
"values": [ 0, 1 ]
}
tracks/3/type = "value"
tracks/3/path = NodePath("Sprite/Punch/CollisionShape2D:position")
tracks/3/interp = 1
tracks/3/loop_wrap = true
tracks/3/imported = false
tracks/3/enabled = true
tracks/3/keys = {
"times": PoolRealArray( 0 ),
"transitions": PoolRealArray( 1 ),
"update": 0,
"values": [ Vector2( 6.30104, -8.84515 ) ]
}
tracks/4/type = "value"
tracks/4/path = NodePath("Sprite/Punch/CollisionShape2D:shape:extents")
tracks/4/interp = 1
tracks/4/loop_wrap = true
tracks/4/imported = false
tracks/4/enabled = true
tracks/4/keys = {
"times": PoolRealArray( 0 ),
"transitions": PoolRealArray( 1 ),
"update": 0,
"values": [ Vector2( 8.28806, 2.36235 ) ]
}

[sub_resource type="Animation" id=199]
length = 0.55
tracks/0/type = "value"
tracks/0/path = NodePath("Sprite:frame")
tracks/0/interp = 1
tracks/0/loop_wrap = true
tracks/0/imported = false
tracks/0/enabled = true
tracks/0/keys = {
"times": PoolRealArray( 0, 0.1 ),
"transitions": PoolRealArray( 1, 1 ),
"update": 1,
"values": [ 28, 29 ]
}
tracks/1/type = "value"
tracks/1/path = NodePath("Sprite/Punch/CollisionShape2D:disabled")
tracks/1/interp = 1
tracks/1/loop_wrap = true
tracks/1/imported = false
tracks/1/enabled = true
tracks/1/keys = {
"times": PoolRealArray( 0, 0.2 ),
"transitions": PoolRealArray( 1, 1 ),
"update": 0,
"values": [ false, true ]
}
tracks/2/type = "value"
tracks/2/path = NodePath("Sprite2:frame")
tracks/2/interp = 1
tracks/2/loop_wrap = true
tracks/2/imported = false
tracks/2/enabled = true
tracks/2/keys = {
"times": PoolRealArray( 0, 0.55 ),
"transitions": PoolRealArray( 1, 1 ),
"update": 1,
"values": [ 0, 1 ]
}
tracks/3/type = "value"
tracks/3/path = NodePath("Sprite/Punch/CollisionShape2D:position")
tracks/3/interp = 1
tracks/3/loop_wrap = true
tracks/3/imported = false
tracks/3/enabled = true
tracks/3/keys = {
"times": PoolRealArray( 0 ),
"transitions": PoolRealArray( 1 ),
"update": 0,
"values": [ Vector2( 2.21314, -17.021 ) ]
}
tracks/4/type = "value"
tracks/4/path = NodePath("Sprite/Punch/CollisionShape2D:shape:extents")
tracks/4/interp = 1
tracks/4/loop_wrap = true
tracks/4/imported = false
tracks/4/enabled = true
tracks/4/keys = {
"times": PoolRealArray( 0 ),
"transitions": PoolRealArray( 1 ),
"update": 0,
"values": [ Vector2( 8.22683, 2.36235 ) ]
}

[sub_resource type="Animation" id=200]
resource_name = "Box low"
length = 0.6
tracks/0/type = "value"
tracks/0/path = NodePath("Sprite:frame")
tracks/0/interp = 1
tracks/0/loop_wrap = true
tracks/0/imported = false
tracks/0/enabled = true
tracks/0/keys = {
"times": PoolRealArray( 0, 0.1 ),
"transitions": PoolRealArray( 1, 1 ),
"update": 1,
"values": [ 24, 25 ]
}
tracks/1/type = "value"
tracks/1/path = NodePath("Sprite/Punch/CollisionShape2D:disabled")
tracks/1/interp = 1
tracks/1/loop_wrap = true
tracks/1/imported = false
tracks/1/enabled = true
tracks/1/keys = {
"times": PoolRealArray( 0, 0.2 ),
"transitions": PoolRealArray( 1, 1 ),
"update": 0,
"values": [ false, true ]
}
tracks/2/type = "value"
tracks/2/path = NodePath("Sprite2:frame")
tracks/2/interp = 1
tracks/2/loop_wrap = true
tracks/2/imported = false
tracks/2/enabled = true
tracks/2/keys = {
"times": PoolRealArray( 0, 0.6 ),
"transitions": PoolRealArray( 1, 1 ),
"update": 1,
"values": [ 0, 1 ]
}
tracks/3/type = "value"
tracks/3/path = NodePath("Sprite/Punch/CollisionShape2D:position")
tracks/3/interp = 1
tracks/3/loop_wrap = true
tracks/3/imported = false
tracks/3/enabled = true
tracks/3/keys = {
"times": PoolRealArray( 0 ),
"transitions": PoolRealArray( 1 ),
"update": 0,
"values": [ Vector2( 8, 4 ) ]
}
tracks/4/type = "value"
tracks/4/path = NodePath("Sprite/Punch/CollisionShape2D:shape:extents")
tracks/4/interp = 1
tracks/4/loop_wrap = true
tracks/4/imported = false
tracks/4/enabled = true
tracks/4/keys = {
"times": PoolRealArray( 0 ),
"transitions": PoolRealArray( 1 ),
"update": 0,
"values": [ Vector2( 8.22683, 2.36235 ) ]
}

[sub_resource type="Animation" id=201]
resource_name = "Charge High "
length = 2.0
step = 0.05
tracks/0/type = "value"
tracks/0/path = NodePath("Sprite:frame")
tracks/0/interp = 1
tracks/0/loop_wrap = true
tracks/0/imported = false
tracks/0/enabled = true
tracks/0/keys = {
"times": PoolRealArray( 0.1, 0.4, 0.75, 1.4 ),
"transitions": PoolRealArray( 1, 1, 1, 1 ),
"update": 1,
"values": [ 20, 21, 22, 23 ]
}
tracks/1/type = "value"
tracks/1/path = NodePath("Sprite/Block/Block:disabled")
tracks/1/interp = 1
tracks/1/loop_wrap = true
tracks/1/imported = false
tracks/1/enabled = true
tracks/1/keys = {
"times": PoolRealArray( 0, 0.001 ),
"transitions": PoolRealArray( 1, 1 ),
"update": 1,
"values": [ false, true ]
}
tracks/2/type = "value"
tracks/2/path = NodePath("Sprite/Punch/CollisionShape2D:position")
tracks/2/interp = 1
tracks/2/loop_wrap = true
tracks/2/imported = false
tracks/2/enabled = true
tracks/2/keys = {
"times": PoolRealArray( 0 ),
"transitions": PoolRealArray( 1 ),
"update": 0,
"values": [ Vector2( 3.313, -14.115 ) ]
}

[sub_resource type="Animation" id=202]
resource_name = "Charge low"
length = 2.0
step = 0.05
tracks/0/type = "value"
tracks/0/path = NodePath("Sprite:frame")
tracks/0/interp = 1
tracks/0/loop_wrap = true
tracks/0/imported = false
tracks/0/enabled = true
tracks/0/keys = {
"times": PoolRealArray( 0, 0.2, 0.5, 0.85, 1.55 ),
"transitions": PoolRealArray( 1, 1, 1, 1, 1 ),
"update": 1,
"values": [ 10, 11, 12, 13, 14 ]
}
tracks/1/type = "value"
tracks/1/path = NodePath("Sprite/Block/Block:disabled")
tracks/1/interp = 1
tracks/1/loop_wrap = true
tracks/1/imported = false
tracks/1/enabled = true
tracks/1/keys = {
"times": PoolRealArray( 0, 0.001 ),
"transitions": PoolRealArray( 1, 1 ),
"update": 1,
"values": [ false, true ]
}
tracks/2/type = "value"
tracks/2/path = NodePath("Sprite/Punch/CollisionShape2D:position")
tracks/2/interp = 1
tracks/2/loop_wrap = true
tracks/2/imported = false
tracks/2/enabled = true
tracks/2/keys = {
"times": PoolRealArray( 0 ),
"transitions": PoolRealArray( 1 ),
"update": 0,
"values": [ Vector2( 3.64671, 2.40358 ) ]
}

[sub_resource type="Animation" id=237]
resource_name = "Deth"
length = 0.8
tracks/0/type = "value"
tracks/0/path = NodePath("Sprite:frame")
tracks/0/interp = 1
tracks/0/loop_wrap = true
tracks/0/imported = false
tracks/0/enabled = true
tracks/0/keys = {
"times": PoolRealArray( 0, 0.3, 0.8 ),
"transitions": PoolRealArray( 1, 1, 1 ),
"update": 1,
"values": [ 5, 35, 36 ]
}
tracks/1/type = "value"
tracks/1/path = NodePath("Sprite/Punch/CollisionShape2D:disabled")
tracks/1/interp = 1
tracks/1/loop_wrap = true
tracks/1/imported = false
tracks/1/enabled = true
tracks/1/keys = {
"times": PoolRealArray( 0 ),
"transitions": PoolRealArray( 1 ),
"update": 1,
"values": [ true ]
}
tracks/2/type = "value"
tracks/2/path = NodePath("Sprite/Block/Block:disabled")
tracks/2/interp = 1
tracks/2/loop_wrap = true
tracks/2/imported = false
tracks/2/enabled = true
tracks/2/keys = {
"times": PoolRealArray( 0 ),
"transitions": PoolRealArray( 1 ),
"update": 1,
"values": [ true ]
}
tracks/3/type = "value"
tracks/3/path = NodePath("Sprite2:frame")
tracks/3/interp = 1
tracks/3/loop_wrap = true
tracks/3/imported = false
tracks/3/enabled = true
tracks/3/keys = {
"times": PoolRealArray( 0 ),
"transitions": PoolRealArray( 1 ),
"update": 1,
"values": [ 0 ]
}
tracks/4/type = "value"
tracks/4/path = NodePath("Drop:playing")
tracks/4/interp = 1
tracks/4/loop_wrap = true
tracks/4/imported = false
tracks/4/enabled = true
tracks/4/keys = {
"times": PoolRealArray( 0.6 ),
"transitions": PoolRealArray( 1 ),
"update": 1,
"values": [ true ]
}
tracks/5/type = "value"
tracks/5/path = NodePath("Particles2D:position")
tracks/5/interp = 1
tracks/5/loop_wrap = true
tracks/5/imported = false
tracks/5/enabled = true
tracks/5/keys = {
"times": PoolRealArray( 0 ),
"transitions": PoolRealArray( 1 ),
"update": 0,
"values": [ Vector2( 4.22919, -10.1428 ) ]
}
tracks/6/type = "value"
tracks/6/path = NodePath("Particles2D:rotation_degrees")
tracks/6/interp = 1
tracks/6/loop_wrap = true
tracks/6/imported = false
tracks/6/enabled = true
tracks/6/keys = {
"times": PoolRealArray( 0 ),
"transitions": PoolRealArray( 1 ),
"update": 0,
"values": [ 0.0 ]
}
tracks/7/type = "value"
tracks/7/path = NodePath("Particles2D:emitting")
tracks/7/interp = 1
tracks/7/loop_wrap = true
tracks/7/imported = false
tracks/7/enabled = true
tracks/7/keys = {
"times": PoolRealArray( 0 ),
"transitions": PoolRealArray( 1 ),
"update": 1,
"values": [ true ]
}

[sub_resource type="Animation" id=203]
resource_name = "Gehen 2"
length = 0.9
loop = true
tracks/0/type = "value"
tracks/0/path = NodePath("Sprite2:frame")
tracks/0/interp = 1
tracks/0/loop_wrap = true
tracks/0/imported = false
tracks/0/enabled = true
tracks/0/keys = {
"times": PoolRealArray( 0, 0.1, 0.2, 0.3, 0.4, 0.5, 0.6, 0.7, 0.8 ),
"transitions": PoolRealArray( 1, 1, 1, 1, 1, 1, 1, 1, 1 ),
"update": 1,
"values": [ 2, 3, 4, 5, 6, 7, 8, 9, 10 ]
}
tracks/1/type = "value"
tracks/1/path = NodePath("Schritte 3:playing")
tracks/1/interp = 1
tracks/1/loop_wrap = true
tracks/1/imported = false
tracks/1/enabled = true
tracks/1/keys = {
"times": PoolRealArray( 0, 0.3 ),
"transitions": PoolRealArray( 1, 1 ),
"update": 1,
"values": [ false, true ]
}
tracks/2/type = "value"
tracks/2/path = NodePath("Schritte 4:playing")
tracks/2/interp = 1
tracks/2/loop_wrap = true
tracks/2/imported = false
tracks/2/enabled = true
tracks/2/keys = {
"times": PoolRealArray( 0, 0.7 ),
"transitions": PoolRealArray( 1, 1 ),
"update": 1,
"values": [ false, true ]
}

[sub_resource type="Animation" id=238]
resource_name = "Gehen 2"
length = 0.9
loop = true
step = 0.05
tracks/0/type = "value"
tracks/0/path = NodePath("Sprite:frame")
tracks/0/interp = 1
tracks/0/loop_wrap = true
tracks/0/imported = false
tracks/0/enabled = true
tracks/0/keys = {
"times": PoolRealArray( 0, 0.1, 0.2, 0.3, 0.4, 0.5, 0.6, 0.7, 0.8 ),
"transitions": PoolRealArray( 1, 1, 1, 1, 1, 1, 1, 1, 1 ),
"update": 1,
"values": [ 45, 46, 47, 48, 49, 50, 51, 43, 44 ]
}
tracks/1/type = "value"
tracks/1/path = NodePath("Sprite2:frame")
tracks/1/interp = 1
tracks/1/loop_wrap = true
tracks/1/imported = false
tracks/1/enabled = true
tracks/1/keys = {
"times": PoolRealArray( 0, 0.5 ),
"transitions": PoolRealArray( 1, 1 ),
"update": 1,
"values": [ 0, 0 ]
}
tracks/2/type = "value"
tracks/2/path = NodePath("Schritte 1:playing")
tracks/2/interp = 1
tracks/2/loop_wrap = true
tracks/2/imported = false
tracks/2/enabled = true
tracks/2/keys = {
"times": PoolRealArray( 0.75 ),
"transitions": PoolRealArray( 1 ),
"update": 1,
"values": [ true ]
}
tracks/3/type = "value"
tracks/3/path = NodePath("Schritte:playing")
tracks/3/interp = 1
tracks/3/loop_wrap = true
tracks/3/imported = false
tracks/3/enabled = true
tracks/3/keys = {
"times": PoolRealArray( 0.25 ),
"transitions": PoolRealArray( 1 ),
"update": 1,
"values": [ true ]
}

[sub_resource type="Animation" id=204]
length = 1.2
loop = true
tracks/0/type = "value"
tracks/0/path = NodePath("Sprite/Block/Block:disabled")
tracks/0/interp = 1
tracks/0/loop_wrap = true
tracks/0/imported = false
tracks/0/enabled = true
tracks/0/keys = {
"times": PoolRealArray( 0 ),
"transitions": PoolRealArray( 1 ),
"update": 1,
"values": [ true ]
}
tracks/1/type = "value"
tracks/1/path = NodePath("Sprite:frame")
tracks/1/interp = 1
tracks/1/loop_wrap = true
tracks/1/imported = false
tracks/1/enabled = true
tracks/1/keys = {
"times": PoolRealArray( 0, 0.2, 0.4, 0.6, 0.8, 1 ),
"transitions": PoolRealArray( 1, 1, 1, 1, 1, 1 ),
"update": 1,
"values": [ 0, 1, 2, 0, 1, 2 ]
}
tracks/2/type = "value"
tracks/2/path = NodePath("Sprite/Punch/CollisionShape2D:disabled")
tracks/2/interp = 1
tracks/2/loop_wrap = true
tracks/2/imported = false
tracks/2/enabled = true
tracks/2/keys = {
"times": PoolRealArray( 0 ),
"transitions": PoolRealArray( 1 ),
"update": 1,
"values": [ true ]
}

[sub_resource type="Animation" id=205]
resource_name = "Nichts"

[sub_resource type="Animation" id=206]
length = 0.001
tracks/0/type = "value"
tracks/0/path = NodePath("Sprite/Punch/CollisionShape2D:position")
tracks/0/interp = 1
tracks/0/loop_wrap = true
tracks/0/imported = false
tracks/0/enabled = true
tracks/0/keys = {
"times": PoolRealArray( 0 ),
"transitions": PoolRealArray( 1 ),
"update": 0,
"values": [ Vector2( 3.73014, 2.57044 ) ]
}
tracks/1/type = "value"
tracks/1/path = NodePath("Sprite:frame")
tracks/1/interp = 1
tracks/1/loop_wrap = true
tracks/1/imported = false
tracks/1/enabled = true
tracks/1/keys = {
"times": PoolRealArray( 0 ),
"transitions": PoolRealArray( 1 ),
"update": 0,
"values": [ 0 ]
}
tracks/2/type = "value"
tracks/2/path = NodePath("Sprite/Block/Block:position")
tracks/2/interp = 1
tracks/2/loop_wrap = true
tracks/2/imported = false
tracks/2/enabled = true
tracks/2/keys = {
"times": PoolRealArray( 0 ),
"transitions": PoolRealArray( 1 ),
"update": 0,
"values": [ Vector2( 0.354028, -8.049 ) ]
}
tracks/3/type = "value"
tracks/3/path = NodePath("Sprite2:frame")
tracks/3/interp = 1
tracks/3/loop_wrap = true
tracks/3/imported = false
tracks/3/enabled = true
tracks/3/keys = {
"times": PoolRealArray( 0 ),
"transitions": PoolRealArray( 1 ),
"update": 0,
"values": [ 1 ]
}
tracks/4/type = "value"
tracks/4/path = NodePath("Sprite/Block/Block:disabled")
tracks/4/interp = 1
tracks/4/loop_wrap = true
tracks/4/imported = false
tracks/4/enabled = true
tracks/4/keys = {
"times": PoolRealArray( 0 ),
"transitions": PoolRealArray( 1 ),
"update": 0,
"values": [ false ]
}
tracks/5/type = "value"
tracks/5/path = NodePath("Sprite/Punch/CollisionShape2D:disabled")
tracks/5/interp = 1
tracks/5/loop_wrap = true
tracks/5/imported = false
tracks/5/enabled = true
tracks/5/keys = {
"times": PoolRealArray( 0 ),
"transitions": PoolRealArray( 1 ),
"update": 0,
"values": [ true ]
}
tracks/6/type = "value"
tracks/6/path = NodePath("Sprite/Punch/CollisionShape2D:shape:extents")
tracks/6/interp = 1
tracks/6/loop_wrap = true
tracks/6/imported = false
tracks/6/enabled = true
tracks/6/keys = {
"times": PoolRealArray( 0 ),
"transitions": PoolRealArray( 1 ),
"update": 0,
"values": [ Vector2( 6.77761, 8.42572 ) ]
}
tracks/7/type = "value"
tracks/7/path = NodePath("Sprite:vframes")
tracks/7/interp = 1
tracks/7/loop_wrap = true
tracks/7/imported = false
tracks/7/enabled = true
tracks/7/keys = {
"times": PoolRealArray( 0 ),
"transitions": PoolRealArray( 1 ),
"update": 0,
"values": [ 1 ]
}
tracks/8/type = "value"
tracks/8/path = NodePath("Sprite:texture")
tracks/8/interp = 1
tracks/8/loop_wrap = true
tracks/8/imported = false
tracks/8/enabled = true
tracks/8/keys = {
"times": PoolRealArray( 0 ),
"transitions": PoolRealArray( 1 ),
"update": 0,
"values": [ ExtResource( 3 ) ]
}
tracks/9/type = "value"
tracks/9/path = NodePath("Sprite2:vframes")
tracks/9/interp = 1
tracks/9/loop_wrap = true
tracks/9/imported = false
tracks/9/enabled = true
tracks/9/keys = {
"times": PoolRealArray( 0 ),
"transitions": PoolRealArray( 1 ),
"update": 0,
"values": [ 1 ]
}
tracks/10/type = "value"
tracks/10/path = NodePath("Body:disabled")
tracks/10/interp = 1
tracks/10/loop_wrap = true
tracks/10/imported = false
tracks/10/enabled = true
tracks/10/keys = {
"times": PoolRealArray( 0 ),
"transitions": PoolRealArray( 1 ),
"update": 0,
"values": [ false ]
}
tracks/11/type = "value"
tracks/11/path = NodePath("Schritte 1:playing")
tracks/11/interp = 1
tracks/11/loop_wrap = true
tracks/11/imported = false
tracks/11/enabled = true
tracks/11/keys = {
"times": PoolRealArray( 0 ),
"transitions": PoolRealArray( 1 ),
"update": 0,
"values": [ false ]
}
tracks/12/type = "value"
tracks/12/path = NodePath("Schritte:playing")
tracks/12/interp = 1
tracks/12/loop_wrap = true
tracks/12/imported = false
tracks/12/enabled = true
tracks/12/keys = {
"times": PoolRealArray( 0 ),
"transitions": PoolRealArray( 1 ),
"update": 0,
"values": [ false ]
}
tracks/13/type = "value"
tracks/13/path = NodePath("Schritte 3:stream")
tracks/13/interp = 1
tracks/13/loop_wrap = true
tracks/13/imported = false
tracks/13/enabled = true
tracks/13/keys = {
"times": PoolRealArray( 0 ),
"transitions": PoolRealArray( 1 ),
"update": 0,
"values": [ ExtResource( 15 ) ]
}
tracks/14/type = "value"
tracks/14/path = NodePath("Schritte 3:playing")
tracks/14/interp = 1
tracks/14/loop_wrap = true
tracks/14/imported = false
tracks/14/enabled = true
tracks/14/keys = {
"times": PoolRealArray( 0 ),
"transitions": PoolRealArray( 1 ),
"update": 0,
"values": [ false ]
}
tracks/15/type = "value"
tracks/15/path = NodePath("Schritte 4:playing")
tracks/15/interp = 1
tracks/15/loop_wrap = true
tracks/15/imported = false
tracks/15/enabled = true
tracks/15/keys = {
"times": PoolRealArray( 0 ),
"transitions": PoolRealArray( 1 ),
"update": 0,
"values": [ false ]
}
tracks/16/type = "value"
tracks/16/path = NodePath("Drop:playing")
tracks/16/interp = 1
tracks/16/loop_wrap = true
tracks/16/imported = false
tracks/16/enabled = true
tracks/16/keys = {
"times": PoolRealArray( 0 ),
"transitions": PoolRealArray( 1 ),
"update": 0,
"values": [ false ]
}
tracks/17/type = "value"
tracks/17/path = NodePath("Particles2D:position")
tracks/17/interp = 1
tracks/17/loop_wrap = true
tracks/17/imported = false
tracks/17/enabled = true
tracks/17/keys = {
"times": PoolRealArray( 0 ),
"transitions": PoolRealArray( 1 ),
"update": 0,
"values": [ Vector2( 3.78831, -10.5231 ) ]
}
tracks/18/type = "value"
tracks/18/path = NodePath("Particles2D:rotation_degrees")
tracks/18/interp = 1
tracks/18/loop_wrap = true
tracks/18/imported = false
tracks/18/enabled = true
tracks/18/keys = {
"times": PoolRealArray( 0 ),
"transitions": PoolRealArray( 1 ),
"update": 0,
"values": [ 0.0 ]
}
tracks/19/type = "value"
tracks/19/path = NodePath("Particles2D:emitting")
tracks/19/interp = 1
tracks/19/loop_wrap = true
tracks/19/imported = false
tracks/19/enabled = true
tracks/19/keys = {
"times": PoolRealArray( 0 ),
"transitions": PoolRealArray( 1 ),
"update": 0,
"values": [ false ]
}

[sub_resource type="Animation" id=207]
resource_name = "Rückwärts gehen"
length = 0.9
loop = true
step = 0.05
tracks/0/type = "value"
tracks/0/path = NodePath("Sprite2:frame")
tracks/0/interp = 1
tracks/0/loop_wrap = true
tracks/0/imported = false
tracks/0/enabled = true
tracks/0/keys = {
"times": PoolRealArray( 0, 0.1, 0.2, 0.3, 0.4, 0.5, 0.6, 0.7, 0.8 ),
"transitions": PoolRealArray( 1, 1, 1, 1, 1, 1, 1, 1, 1 ),
"update": 1,
"values": [ 10, 9, 8, 7, 6, 5, 4, 3, 2 ]
}
tracks/1/type = "value"
tracks/1/path = NodePath("Schritte 3:playing")
tracks/1/interp = 1
tracks/1/loop_wrap = true
tracks/1/imported = false
tracks/1/enabled = true
tracks/1/keys = {
"times": PoolRealArray( 0.6 ),
"transitions": PoolRealArray( 1 ),
"update": 1,
"values": [ true ]
}
tracks/2/type = "value"
tracks/2/path = NodePath("Schritte 4:playing")
tracks/2/interp = 1
tracks/2/loop_wrap = true
tracks/2/imported = false
tracks/2/enabled = true
tracks/2/keys = {
"times": PoolRealArray( 0 ),
"transitions": PoolRealArray( 1 ),
"update": 1,
"values": [ true ]
}

[sub_resource type="Animation" id=239]
resource_name = "Rückwärts gehen 2"
length = 0.95
loop = true
step = 0.05
tracks/0/type = "value"
tracks/0/path = NodePath("Sprite:frame")
tracks/0/interp = 1
tracks/0/loop_wrap = true
tracks/0/imported = false
tracks/0/enabled = true
tracks/0/keys = {
"times": PoolRealArray( 0, 0.1, 0.2, 0.3, 0.4, 0.5, 0.6, 0.7, 0.85 ),
"transitions": PoolRealArray( 1, 1, 1, 1, 1, 1, 1, 1, 1 ),
"update": 1,
"values": [ 44, 43, 51, 50, 49, 48, 47, 46, 45 ]
}
tracks/1/type = "value"
tracks/1/path = NodePath("Sprite2:frame")
tracks/1/interp = 1
tracks/1/loop_wrap = true
tracks/1/imported = false
tracks/1/enabled = true
tracks/1/keys = {
"times": PoolRealArray( 0 ),
"transitions": PoolRealArray( 1 ),
"update": 1,
"values": [ 0 ]
}
tracks/2/type = "value"
tracks/2/path = NodePath("Schritte 1:playing")
tracks/2/interp = 1
tracks/2/loop_wrap = true
tracks/2/imported = false
tracks/2/enabled = true
tracks/2/keys = {
"times": PoolRealArray( 0 ),
"transitions": PoolRealArray( 1 ),
"update": 1,
"values": [ true ]
}
tracks/3/type = "value"
tracks/3/path = NodePath("Schritte:playing")
tracks/3/interp = 1
tracks/3/loop_wrap = true
tracks/3/imported = false
tracks/3/enabled = true
tracks/3/keys = {
"times": PoolRealArray( 0.65 ),
"transitions": PoolRealArray( 1 ),
"update": 1,
"values": [ true ]
}

[sub_resource type="Animation" id=208]
resource_name = "charge"
length = 2.0
step = 0.05
tracks/0/type = "value"
tracks/0/path = NodePath("Sprite/Block/Block:disabled")
tracks/0/interp = 1
tracks/0/loop_wrap = true
tracks/0/imported = false
tracks/0/enabled = true
tracks/0/keys = {
"times": PoolRealArray( 0, 0.001 ),
"transitions": PoolRealArray( 1, 1 ),
"update": 1,
"values": [ false, true ]
}
tracks/1/type = "value"
tracks/1/path = NodePath("Sprite/Punch/CollisionShape2D:position")
tracks/1/interp = 1
tracks/1/loop_wrap = true
tracks/1/imported = false
tracks/1/enabled = true
tracks/1/keys = {
"times": PoolRealArray( 0 ),
"transitions": PoolRealArray( 1 ),
"update": 0,
"values": [ Vector2( 1.457, -3.585 ) ]
}
tracks/2/type = "value"
tracks/2/path = NodePath("Sprite:frame")
tracks/2/interp = 1
tracks/2/loop_wrap = true
tracks/2/imported = false
tracks/2/enabled = true
tracks/2/keys = {
"times": PoolRealArray( 0, 0.2, 0.45, 0.85, 1.5 ),
"transitions": PoolRealArray( 1, 1, 1, 1, 1 ),
"update": 1,
"values": [ 15, 16, 17, 18, 19 ]
}

[sub_resource type="Animation" id=225]
resource_name = "dam"
length = 3.0
tracks/0/type = "value"
tracks/0/path = NodePath("Sprite:frame")
tracks/0/interp = 1
tracks/0/loop_wrap = true
tracks/0/imported = false
tracks/0/enabled = true
tracks/0/keys = {
"times": PoolRealArray( 0 ),
"transitions": PoolRealArray( 1 ),
"update": 1,
"values": [ 5 ]
}
tracks/1/type = "value"
tracks/1/path = NodePath("Particles2D:position")
tracks/1/interp = 1
tracks/1/loop_wrap = true
tracks/1/imported = false
tracks/1/enabled = true
tracks/1/keys = {
"times": PoolRealArray( 0 ),
"transitions": PoolRealArray( 1 ),
"update": 0,
"values": [ Vector2( 3.78831, -10.5231 ) ]
}
tracks/2/type = "value"
tracks/2/path = NodePath("Particles2D:rotation_degrees")
tracks/2/interp = 1
tracks/2/loop_wrap = true
tracks/2/imported = false
tracks/2/enabled = true
tracks/2/keys = {
"times": PoolRealArray( 0 ),
"transitions": PoolRealArray( 1 ),
"update": 0,
"values": [ 0.0 ]
}
tracks/3/type = "value"
tracks/3/path = NodePath("Particles2D:emitting")
tracks/3/interp = 1
tracks/3/loop_wrap = true
tracks/3/imported = false
tracks/3/enabled = true
tracks/3/keys = {
"times": PoolRealArray( 0 ),
"transitions": PoolRealArray( 1 ),
"update": 1,
"values": [ true ]
}

[sub_resource type="Animation" id=226]
resource_name = "dam oben"
length = 3.0
tracks/0/type = "value"
tracks/0/path = NodePath("Sprite:frame")
tracks/0/interp = 1
tracks/0/loop_wrap = true
tracks/0/imported = false
tracks/0/enabled = true
tracks/0/keys = {
"times": PoolRealArray( 0 ),
"transitions": PoolRealArray( 1 ),
"update": 1,
"values": [ 6 ]
}
tracks/1/type = "value"
tracks/1/path = NodePath("Particles2D:position")
tracks/1/interp = 1
tracks/1/loop_wrap = true
tracks/1/imported = false
tracks/1/enabled = true
tracks/1/keys = {
"times": PoolRealArray( 0 ),
"transitions": PoolRealArray( 1 ),
"update": 0,
"values": [ Vector2( 2.24493, -20.064 ) ]
}
tracks/2/type = "value"
tracks/2/path = NodePath("Particles2D:rotation_degrees")
tracks/2/interp = 1
tracks/2/loop_wrap = true
tracks/2/imported = false
tracks/2/enabled = true
tracks/2/keys = {
"times": PoolRealArray( 0 ),
"transitions": PoolRealArray( 1 ),
"update": 0,
"values": [ 0.0 ]
}
tracks/3/type = "value"
tracks/3/path = NodePath("Particles2D:emitting")
tracks/3/interp = 1
tracks/3/loop_wrap = true
tracks/3/imported = false
tracks/3/enabled = true
tracks/3/keys = {
"times": PoolRealArray( 0 ),
"transitions": PoolRealArray( 1 ),
"update": 1,
"values": [ true ]
}

[sub_resource type="Animation" id=227]
resource_name = "dam unten"
length = 3.0
tracks/0/type = "value"
tracks/0/path = NodePath("Sprite:frame")
tracks/0/interp = 1
tracks/0/loop_wrap = true
tracks/0/imported = false
tracks/0/enabled = true
tracks/0/keys = {
"times": PoolRealArray( 0 ),
"transitions": PoolRealArray( 1 ),
"update": 1,
"values": [ 3 ]
}
tracks/1/type = "value"
tracks/1/path = NodePath("Particles2D:emitting")
tracks/1/interp = 1
tracks/1/loop_wrap = true
tracks/1/imported = false
tracks/1/enabled = true
tracks/1/keys = {
"times": PoolRealArray( 0 ),
"transitions": PoolRealArray( 1 ),
"update": 1,
"values": [ true ]
}
tracks/2/type = "value"
tracks/2/path = NodePath("Particles2D:position")
tracks/2/interp = 1
tracks/2/loop_wrap = true
tracks/2/imported = false
tracks/2/enabled = true
tracks/2/keys = {
"times": PoolRealArray( 0 ),
"transitions": PoolRealArray( 1 ),
"update": 0,
"values": [ Vector2( 2.24493, -20.064 ) ]
}
tracks/3/type = "value"
tracks/3/path = NodePath("Particles2D:rotation_degrees")
tracks/3/interp = 1
tracks/3/loop_wrap = true
tracks/3/imported = false
tracks/3/enabled = true
tracks/3/keys = {
"times": PoolRealArray( 0 ),
"transitions": PoolRealArray( 1 ),
"update": 0,
"values": [ 0.0 ]
}

[sub_resource type="Animation" id=228]
resource_name = "dam untercut"
length = 3.0
tracks/0/type = "value"
tracks/0/path = NodePath("Sprite:frame")
tracks/0/interp = 1
tracks/0/loop_wrap = true
tracks/0/imported = false
tracks/0/enabled = true
tracks/0/keys = {
"times": PoolRealArray( 0 ),
"transitions": PoolRealArray( 1 ),
"update": 1,
"values": [ 4 ]
}
tracks/1/type = "value"
tracks/1/path = NodePath("Particles2D:rotation_degrees")
tracks/1/interp = 1
tracks/1/loop_wrap = true
tracks/1/imported = false
tracks/1/enabled = true
tracks/1/keys = {
"times": PoolRealArray( 0 ),
"transitions": PoolRealArray( 1 ),
"update": 0,
"values": [ 270.0 ]
}
tracks/2/type = "value"
tracks/2/path = NodePath("Particles2D:position")
tracks/2/interp = 1
tracks/2/loop_wrap = true
tracks/2/imported = false
tracks/2/enabled = true
tracks/2/keys = {
"times": PoolRealArray( 0 ),
"transitions": PoolRealArray( 1 ),
"update": 0,
"values": [ Vector2( 2.24493, -17.4845 ) ]
}

[sub_resource type="Animation" id=209]
resource_name = "leer füße"
length = 0.1
tracks/0/type = "value"
tracks/0/path = NodePath("Sprite2:frame")
tracks/0/interp = 1
tracks/0/loop_wrap = true
tracks/0/imported = false
tracks/0/enabled = true
tracks/0/keys = {
"times": PoolRealArray( 0 ),
"transitions": PoolRealArray( 1 ),
"update": 1,
"values": [ 0 ]
}

[sub_resource type="Animation" id=210]
resource_name = "stehen"
length = 0.001
tracks/0/type = "value"
tracks/0/path = NodePath("Sprite2:frame")
tracks/0/interp = 1
tracks/0/loop_wrap = true
tracks/0/imported = false
tracks/0/enabled = true
tracks/0/keys = {
"times": PoolRealArray( 0 ),
"transitions": PoolRealArray( 1 ),
"update": 1,
"values": [ 1 ]
}

[sub_resource type="Animation" id=211]
resource_name = "uppercut"
length = 0.8
tracks/0/type = "value"
tracks/0/path = NodePath("Sprite2:frame")
tracks/0/interp = 1
tracks/0/loop_wrap = true
tracks/0/imported = false
tracks/0/enabled = true
tracks/0/keys = {
"times": PoolRealArray( 0 ),
"transitions": PoolRealArray( 1 ),
"update": 1,
"values": [ 0 ]
}
tracks/1/type = "value"
tracks/1/path = NodePath("Sprite:frame")
tracks/1/interp = 1
tracks/1/loop_wrap = true
tracks/1/imported = false
tracks/1/enabled = true
tracks/1/keys = {
"times": PoolRealArray( 0, 0.1, 0.2 ),
"transitions": PoolRealArray( 1, 1, 1 ),
"update": 1,
"values": [ 30, 31, 32 ]
}
tracks/2/type = "value"
tracks/2/path = NodePath("Sprite/Punch/CollisionShape2D:position")
tracks/2/interp = 1
tracks/2/loop_wrap = true
tracks/2/imported = false
tracks/2/enabled = true
tracks/2/keys = {
"times": PoolRealArray( 0 ),
"transitions": PoolRealArray( 1 ),
"update": 0,
"values": [ Vector2( -0.159285, -3.21314 ) ]
}
tracks/3/type = "value"
tracks/3/path = NodePath("Sprite/Punch/CollisionShape2D:disabled")
tracks/3/interp = 1
tracks/3/loop_wrap = true
tracks/3/imported = false
tracks/3/enabled = true
tracks/3/keys = {
"times": PoolRealArray( 0, 0.3 ),
"transitions": PoolRealArray( 1, 1 ),
"update": 1,
"values": [ false, true ]
}
tracks/4/type = "value"
tracks/4/path = NodePath("Sprite/Punch/CollisionShape2D:shape:extents")
tracks/4/interp = 1
tracks/4/loop_wrap = true
tracks/4/imported = false
tracks/4/enabled = true
tracks/4/keys = {
"times": PoolRealArray( 0 ),
"transitions": PoolRealArray( 1 ),
"update": 0,
"values": [ Vector2( 6.77761, 8.42572 ) ]
}

[sub_resource type="AnimationNodeStateMachinePlayback" id=236]

[node name="KinematicBody2D" type="KinematicBody2D"]
collision_layer = 0
script = ExtResource( 1 )

[node name="Sprite2" type="Sprite" parent="."]
position = Vector2( 8, 0 )
texture = ExtResource( 2 )
hframes = 11
frame = 1

[node name="Sprite" type="Sprite" parent="."]
position = Vector2( 8, 0 )
texture = ExtResource( 3 )
hframes = 52

[node name="Block" type="Area2D" parent="Sprite"]
collision_mask = 3

[node name="Block" type="CollisionShape2D" parent="Sprite/Block"]
position = Vector2( 0.354028, -8.049 )
shape = SubResource( 189 )

[node name="Punch" type="Area2D" parent="Sprite"]
position = Vector2( 0.33371, -0.166855 )
collision_mask = 3
script = ExtResource( 4 )

[node name="CollisionShape2D" type="CollisionShape2D" parent="Sprite/Punch"]
position = Vector2( 3.73014, 2.57044 )
shape = SubResource( 190 )
disabled = true

[node name="Body" type="CollisionShape2D" parent="."]
position = Vector2( 0, -9.53674e-07 )
shape = SubResource( 191 )

[node name="AnimationPlayer" type="AnimationPlayer" parent="."]
anims/Block = SubResource( 195 )
"anims/Block oben" = SubResource( 196 )
"anims/Block unten" = SubResource( 197 )
anims/Box = SubResource( 198 )
"anims/Box High" = SubResource( 199 )
"anims/Box low" = SubResource( 200 )
"anims/Charge High " = SubResource( 201 )
"anims/Charge low" = SubResource( 202 )
anims/Deth = SubResource( 237 )
"anims/Deth oben" = ExtResource( 9 )
"anims/Deth unten" = ExtResource( 10 )
"anims/Deth untercut" = ExtResource( 11 )
anims/Gehen = SubResource( 203 )
"anims/Gehen 2" = SubResource( 238 )
anims/Idle = SubResource( 204 )
anims/Nichts = SubResource( 205 )
anims/RESET = SubResource( 206 )
"anims/Rückwärts gehen" = SubResource( 207 )
"anims/Rückwärts gehen 2" = SubResource( 239 )
anims/charge = SubResource( 208 )
anims/dam = SubResource( 225 )
"anims/dam oben" = SubResource( 226 )
"anims/dam unten" = SubResource( 227 )
"anims/dam untercut" = SubResource( 228 )
"anims/leer füße" = SubResource( 209 )
anims/stehen = SubResource( 210 )
anims/uppercut = SubResource( 211 )

[node name="DamageTimer" type="Timer" parent="."]

[node name="Timer2" type="Timer" parent="."]
wait_time = 0.05

[node name="AnimationTree" type="AnimationTree" parent="."]
tree_root = ExtResource( 5 )
anim_player = NodePath("../AnimationPlayer")
active = true
parameters/playback = SubResource( 236 )
parameters/Block/Moving/add_amount = 0
parameters/Block/Seek/seek_position = 0.0
"parameters/Block/Seek 2/seek_position" = 0.0
"parameters/Block/Seek 3/seek_position" = 0.0
"parameters/Block/Seek 4/seek_position" = 0.0
parameters/Block/Stehen/add_amount = 0
parameters/Block/TimeScale/scale = 0.6
"parameters/Block/TimeScale 2/scale" = 0.4
parameters/Block/position/blend_amount = 0
parameters/Charge/Moving/add_amount = 0.0
parameters/Charge/Seek/seek_position = -1.0
"parameters/Charge/Seek 2/seek_position" = 0.0
"parameters/Charge/Seek 3/seek_position" = 0.0
parameters/Charge/TimeScale/scale = 0.3
"parameters/Charge/TimeScale 2/scale" = 0.4
parameters/Charge/position/blend_amount = 0
parameters/Damage/Add2/add_amount = 1.0
parameters/Damage/Blend2/blend_amount = 0.0
parameters/Damage/Blend3/blend_amount = 1.0
parameters/Deth/Blend2/blend_amount = 0
parameters/Deth/Blend3/blend_amount = 0
parameters/Idle/Blend3/blend_amount = 0.0
parameters/Idle/Stehen/add_amount = 0.0
parameters/Idle/TimeScale/scale = 0.75
"parameters/Idle/TimeScale 2/scale" = 0.8

[node name="Schritte" type="AudioStreamPlayer" parent="."]
stream = ExtResource( 13 )
bus = "SFX"

[node name="Schritte 1" type="AudioStreamPlayer" parent="."]
stream = ExtResource( 14 )
bus = "SFX"

[node name="Schritte 3" type="AudioStreamPlayer" parent="."]
stream = ExtResource( 15 )
bus = "SFX"

[node name="Schritte 4" type="AudioStreamPlayer" parent="."]
stream = ExtResource( 12 )
bus = "SFX"

[node name="woosch sound 2" type="AudioStreamPlayer" parent="."]
stream = ExtResource( 8 )
bus = "SFX"

[node name="woosch1 sound" type="AudioStreamPlayer" parent="."]
stream = ExtResource( 6 )
bus = "SFX"

[node name="woosch sound" type="AudioStreamPlayer" parent="."]
stream = ExtResource( 7 )
bus = "SFX"

[node name="Camera2D" type="Camera2D" parent="."]
position = Vector2( 2.10461, 0 )
process_mode = 0
smoothing_enabled = true
offset_h = 1.0

[node name="damage 1" type="AudioStreamPlayer" parent="."]
stream = ExtResource( 16 )
bus = "SFX"

[node name="Punch_sound" type="AudioStreamPlayer" parent="."]
stream = ExtResource( 19 )

[node name="damage" type="AudioStreamPlayer" parent="."]
stream = ExtResource( 17 )
bus = "SFX"

[node name="Block" type="AudioStreamPlayer" parent="."]
stream = ExtResource( 18 )
bus = "SFX"

[node name="Punch_sound1" type="AudioStreamPlayer" parent="."]
stream = ExtResource( 20 )

[node name="Drop" type="AudioStreamPlayer" parent="."]
stream = ExtResource( 23 )

[node name="Death" type="AudioStreamPlayer" parent="."]
stream = ExtResource( 22 )

[node name="Death1" type="AudioStreamPlayer" parent="."]
stream = ExtResource( 21 )

[node name="Particles2D" type="Particles2D" parent="."]
position = Vector2( 3.78831, -10.5231 )
emitting = false
lifetime = 0.5
one_shot = true
explosiveness = 0.9
randomness = 1.0
process_material = ExtResource( 24 )

[connection signal="area_entered" from="Sprite/Block" to="." method="_on_Block_area_entered"]
[connection signal="area_exited" from="Sprite/Block" to="." method="_on_Block_area_exited"]
[connection signal="body_entered" from="Sprite/Punch" to="." method="_on_Punch_body_entered"]
[connection signal="body_exited" from="Sprite/Punch" to="." method="_on_Punch_body_exited"]
