[gd_scene load_steps=36 format=2]

[ext_resource path="res://Data/Skript/Dialog box.gd" type="Script" id=1]
[ext_resource path="res://Data/Assets/Soundeffekts/Speech/speech sound gegner.wav" type="AudioStream" id=2]
[ext_resource path="res://Data/Assets/Background/Hintergrund lvl1,5.png" type="Texture" id=3]
[ext_resource path="res://Data/Skript/Thinking effekt skrpit.gd" type="Script" id=4]
[ext_resource path="res://Data/Skript/Uhr.gd" type="Script" id=5]
[ext_resource path="res://Data/Gegner/ConnectionII.tres" type="DynamicFont" id=6]
[ext_resource path="res://Data/Assets/Game assets/Sitzenplayer.png" type="Texture" id=7]
[ext_resource path="res://Data/Assets/Game assets/Live Bar.png" type="Texture" id=8]
[ext_resource path="res://Data/Assets/Game assets/Live bar form.png" type="Texture" id=9]
[ext_resource path="res://Data/Assets/Background/Timer.png" type="Texture" id=10]
[ext_resource path="res://Data/animationen/reden camera animation.tres" type="Animation" id=11]
[ext_resource path="res://Data/Assets/Soundeffekts/Speech/Thinking.wav" type="AudioStream" id=12]
[ext_resource path="res://Data/Assets/Soundeffekts/Speech/reden.wav" type="AudioStream" id=13]
[ext_resource path="res://Data/Assets/Game assets/sitzengegner.png" type="Texture" id=14]
[ext_resource path="res://Data/Assets/Game assets/sitzengegner gesicht.png" type="Texture" id=15]
[ext_resource path="res://Data/Assets/Game assets/gegner.png" type="Texture" id=16]
[ext_resource path="res://Data/Assets/Game assets/gegnerkopf .png" type="Texture" id=17]
[ext_resource path="res://Data/Assets/Game assets/gehengerüst gegner.png" type="Texture" id=18]
[ext_resource path="res://Data/Wut2.tres" type="Animation" id=19]
[ext_resource path="res://Data/Assets/Soundeffekts/Boxen/damage 1.wav" type="AudioStream" id=20]
[ext_resource path="res://Data/Assets/Soundeffekts/Boxen/gegner/Schritte 1.wav" type="AudioStream" id=21]
[ext_resource path="res://Data/Assets/Soundeffekts/Boxen/gegner/Schritte.wav" type="AudioStream" id=22]
[ext_resource path="res://Data/Assets/Soundeffekts/Boxen/Punch .wav" type="AudioStream" id=23]
[ext_resource path="res://Data/Fonts/small.tres" type="DynamicFont" id=24]

[sub_resource type="RichTextEffect" id=1]
script = ExtResource( 4 )

[sub_resource type="Animation" id=8]
length = 0.001
tracks/0/type = "value"
tracks/0/path = NodePath("../ancher_answer/Sitzengegner:frame")
tracks/0/interp = 1
tracks/0/loop_wrap = true
tracks/0/imported = false
tracks/0/enabled = true
tracks/0/keys = {
"times": PoolRealArray( 0 ),
"transitions": PoolRealArray( 1 ),
"update": 0,
"values": [ 0 ]
}
tracks/1/type = "value"
tracks/1/path = NodePath("../ancher_answer/SitzengegnerGesicht:frame")
tracks/1/interp = 1
tracks/1/loop_wrap = true
tracks/1/imported = false
tracks/1/enabled = true
tracks/1/keys = {
"times": PoolRealArray( 0 ),
"transitions": PoolRealArray( 1 ),
"update": 0,
"values": [ 0 ]
}
tracks/2/type = "value"
tracks/2/path = NodePath("../ancher_answer/Gehen:frame")
tracks/2/interp = 1
tracks/2/loop_wrap = true
tracks/2/imported = false
tracks/2/enabled = true
tracks/2/keys = {
"times": PoolRealArray( 0 ),
"transitions": PoolRealArray( 1 ),
"update": 0,
"values": [ 0 ]
}
tracks/3/type = "value"
tracks/3/path = NodePath("../ancher_answer/gesicht:frame")
tracks/3/interp = 1
tracks/3/loop_wrap = true
tracks/3/imported = false
tracks/3/enabled = true
tracks/3/keys = {
"times": PoolRealArray( 0 ),
"transitions": PoolRealArray( 1 ),
"update": 0,
"values": [ 0 ]
}
tracks/4/type = "value"
tracks/4/path = NodePath("../ancher_answer/füße:frame")
tracks/4/interp = 1
tracks/4/loop_wrap = true
tracks/4/imported = false
tracks/4/enabled = true
tracks/4/keys = {
"times": PoolRealArray( 0 ),
"transitions": PoolRealArray( 1 ),
"update": 0,
"values": [ 0 ]
}
tracks/5/type = "value"
tracks/5/path = NodePath("../ancher_answer/Gehen:position")
tracks/5/interp = 1
tracks/5/loop_wrap = true
tracks/5/imported = false
tracks/5/enabled = true
tracks/5/keys = {
"times": PoolRealArray( 0 ),
"transitions": PoolRealArray( 1 ),
"update": 0,
"values": [ Vector2( -13, 45 ) ]
}
tracks/6/type = "value"
tracks/6/path = NodePath("../ancher_answer/füße:position")
tracks/6/interp = 1
tracks/6/loop_wrap = true
tracks/6/imported = false
tracks/6/enabled = true
tracks/6/keys = {
"times": PoolRealArray( 0 ),
"transitions": PoolRealArray( 1 ),
"update": 0,
"values": [ Vector2( -15, 45 ) ]
}
tracks/7/type = "value"
tracks/7/path = NodePath("../ancher_answer/gesicht:position")
tracks/7/interp = 1
tracks/7/loop_wrap = true
tracks/7/imported = false
tracks/7/enabled = true
tracks/7/keys = {
"times": PoolRealArray( 0 ),
"transitions": PoolRealArray( 1 ),
"update": 0,
"values": [ Vector2( -13, 45 ) ]
}
tracks/8/type = "value"
tracks/8/path = NodePath("../ancher_text/Sitzenplayer:frame")
tracks/8/interp = 1
tracks/8/loop_wrap = true
tracks/8/imported = false
tracks/8/enabled = true
tracks/8/keys = {
"times": PoolRealArray( 0 ),
"transitions": PoolRealArray( 1 ),
"update": 0,
"values": [ 0 ]
}
tracks/9/type = "value"
tracks/9/path = NodePath("../Camera2D:position")
tracks/9/interp = 1
tracks/9/loop_wrap = true
tracks/9/imported = false
tracks/9/enabled = true
tracks/9/keys = {
"times": PoolRealArray( 0 ),
"transitions": PoolRealArray( 1 ),
"update": 0,
"values": [ Vector2( 70, 160 ) ]
}
tracks/10/type = "value"
tracks/10/path = NodePath("../ancher_answer/ColorRect:rect_position")
tracks/10/interp = 1
tracks/10/loop_wrap = true
tracks/10/imported = false
tracks/10/enabled = true
tracks/10/keys = {
"times": PoolRealArray( 0 ),
"transitions": PoolRealArray( 1 ),
"update": 0,
"values": [ Vector2( 0, -20 ) ]
}
tracks/11/type = "value"
tracks/11/path = NodePath("../ancher_answer/answer:rect_position")
tracks/11/interp = 1
tracks/11/loop_wrap = true
tracks/11/imported = false
tracks/11/enabled = true
tracks/11/keys = {
"times": PoolRealArray( 0 ),
"transitions": PoolRealArray( 1 ),
"update": 0,
"values": [ Vector2( 8, -16 ) ]
}
tracks/12/type = "value"
tracks/12/path = NodePath("../ancher_answer:position")
tracks/12/interp = 1
tracks/12/loop_wrap = true
tracks/12/imported = false
tracks/12/enabled = true
tracks/12/keys = {
"times": PoolRealArray( 0 ),
"transitions": PoolRealArray( 1 ),
"update": 0,
"values": [ Vector2( 301, 40.5 ) ]
}
tracks/13/type = "value"
tracks/13/path = NodePath("../pucnh:playing")
tracks/13/interp = 1
tracks/13/loop_wrap = true
tracks/13/imported = false
tracks/13/enabled = true
tracks/13/keys = {
"times": PoolRealArray( 0 ),
"transitions": PoolRealArray( 1 ),
"update": 0,
"values": [ false ]
}
tracks/14/type = "value"
tracks/14/path = NodePath("../damage:playing")
tracks/14/interp = 1
tracks/14/loop_wrap = true
tracks/14/imported = false
tracks/14/enabled = true
tracks/14/keys = {
"times": PoolRealArray( 0 ),
"transitions": PoolRealArray( 1 ),
"update": 0,
"values": [ false ]
}
tracks/15/type = "value"
tracks/15/path = NodePath("../schritt:playing")
tracks/15/interp = 1
tracks/15/loop_wrap = true
tracks/15/imported = false
tracks/15/enabled = true
tracks/15/keys = {
"times": PoolRealArray( 0 ),
"transitions": PoolRealArray( 1 ),
"update": 0,
"values": [ false ]
}
tracks/16/type = "value"
tracks/16/path = NodePath("../schritt1:playing")
tracks/16/interp = 1
tracks/16/loop_wrap = true
tracks/16/imported = false
tracks/16/enabled = true
tracks/16/keys = {
"times": PoolRealArray( 0 ),
"transitions": PoolRealArray( 1 ),
"update": 0,
"values": [ false ]
}
tracks/17/type = "value"
tracks/17/path = NodePath("../Schritt1:playing")
tracks/17/interp = 1
tracks/17/loop_wrap = true
tracks/17/imported = false
tracks/17/enabled = true
tracks/17/keys = {
"times": PoolRealArray( 0 ),
"transitions": PoolRealArray( 1 ),
"update": 0,
"values": [ false ]
}
tracks/18/type = "value"
tracks/18/path = NodePath("../Schritt:playing")
tracks/18/interp = 1
tracks/18/loop_wrap = true
tracks/18/imported = false
tracks/18/enabled = true
tracks/18/keys = {
"times": PoolRealArray( 0 ),
"transitions": PoolRealArray( 1 ),
"update": 0,
"values": [ false ]
}
tracks/19/type = "value"
tracks/19/path = NodePath("../Schritt:volume_db")
tracks/19/interp = 1
tracks/19/loop_wrap = true
tracks/19/imported = false
tracks/19/enabled = true
tracks/19/keys = {
"times": PoolRealArray( 0 ),
"transitions": PoolRealArray( 1 ),
"update": 0,
"values": [ 0.0 ]
}
tracks/20/type = "value"
tracks/20/path = NodePath("../Schritt1:volume_db")
tracks/20/interp = 1
tracks/20/loop_wrap = true
tracks/20/imported = false
tracks/20/enabled = true
tracks/20/keys = {
"times": PoolRealArray( 0 ),
"transitions": PoolRealArray( 1 ),
"update": 0,
"values": [ 0.0 ]
}

[sub_resource type="Animation" id=9]
resource_name = "Reden"
length = 0.2
step = 0.05
tracks/0/type = "value"
tracks/0/path = NodePath("../ancher_answer/Sitzengegner:frame")
tracks/0/interp = 1
tracks/0/loop_wrap = true
tracks/0/imported = false
tracks/0/enabled = true
tracks/0/keys = {
"times": PoolRealArray( 0.05, 0.2 ),
"transitions": PoolRealArray( 1, 1 ),
"update": 1,
"values": [ 1, 3 ]
}
tracks/1/type = "value"
tracks/1/path = NodePath("../ancher_answer/SitzengegnerGesicht:frame")
tracks/1/interp = 1
tracks/1/loop_wrap = true
tracks/1/imported = false
tracks/1/enabled = true
tracks/1/keys = {
"times": PoolRealArray( 0.05, 0.2 ),
"transitions": PoolRealArray( 1, 1 ),
"update": 1,
"values": [ 1, 3 ]
}

[sub_resource type="Animation" id=12]
resource_name = "Wut2"
length = 2.4
step = 0.05
tracks/0/type = "value"
tracks/0/path = NodePath("../ancher_answer/Sitzengegner:frame")
tracks/0/interp = 1
tracks/0/loop_wrap = true
tracks/0/imported = false
tracks/0/enabled = true
tracks/0/keys = {
"times": PoolRealArray( 0 ),
"transitions": PoolRealArray( 1 ),
"update": 1,
"values": [ 9 ]
}
tracks/1/type = "value"
tracks/1/path = NodePath("../ancher_answer/SitzengegnerGesicht:frame")
tracks/1/interp = 1
tracks/1/loop_wrap = true
tracks/1/imported = false
tracks/1/enabled = true
tracks/1/keys = {
"times": PoolRealArray( 0 ),
"transitions": PoolRealArray( 1 ),
"update": 1,
"values": [ 9 ]
}
tracks/2/type = "value"
tracks/2/path = NodePath("../ancher_answer/Gehen:frame")
tracks/2/interp = 1
tracks/2/loop_wrap = true
tracks/2/imported = false
tracks/2/enabled = true
tracks/2/keys = {
"times": PoolRealArray( 0, 0.1, 0.2, 0.3, 0.4, 0.5, 0.6, 0.7, 0.8, 0.9, 1, 1.1, 1.2, 1.3, 1.4, 1.5, 1.6, 1.7, 1.8, 1.9, 2, 2.1, 2.2, 2.3 ),
"transitions": PoolRealArray( 1, 1, 1, 1, 1, 1, 1, 1, 1, 1, 1, 1, 1, 1, 1, 1, 1, 1, 1, 1, 1, 1, 1, 1 ),
"update": 1,
"values": [ 0, 46, 47, 48, 49, 50, 51, 44, 45, 46, 47, 48, 49, 50, 51, 44, 45, 11, 12, 13, 14, 30, 31, 32 ]
}
tracks/3/type = "value"
tracks/3/path = NodePath("../ancher_answer/gesicht:frame")
tracks/3/interp = 1
tracks/3/loop_wrap = true
tracks/3/imported = false
tracks/3/enabled = true
tracks/3/keys = {
"times": PoolRealArray( 0, 0.1, 0.2, 0.3, 0.4, 0.5, 0.6, 0.7, 0.8, 0.9, 1, 1.1, 1.2, 1.3, 1.4, 1.5, 1.6, 1.7, 1.8, 1.9, 2, 2.1, 2.2, 2.3 ),
"transitions": PoolRealArray( 1, 1, 1, 1, 1, 1, 1, 1, 1, 1, 1, 1, 1, 1, 1, 1, 1, 1, 1, 1, 1, 1, 1, 1 ),
"update": 1,
"values": [ 0, 46, 47, 48, 49, 50, 51, 44, 45, 46, 47, 48, 49, 50, 51, 44, 45, 11, 12, 13, 14, 30, 31, 32 ]
}
tracks/4/type = "value"
tracks/4/path = NodePath("../ancher_answer/füße:frame")
tracks/4/interp = 1
tracks/4/loop_wrap = true
tracks/4/imported = false
tracks/4/enabled = true
tracks/4/keys = {
"times": PoolRealArray( 0, 0.1, 1.7, 2.1 ),
"transitions": PoolRealArray( 1, 1, 1, 1 ),
"update": 1,
"values": [ 1, 0, 1, 0 ]
}
tracks/5/type = "value"
tracks/5/path = NodePath("../ancher_answer/Gehen:position")
tracks/5/interp = 1
tracks/5/loop_wrap = true
tracks/5/imported = false
tracks/5/enabled = true
tracks/5/keys = {
"times": PoolRealArray( 0, 0.1, 1.7 ),
"transitions": PoolRealArray( 1, 1, 1 ),
"update": 0,
"values": [ Vector2( -13, 45 ), Vector2( -25, 45 ), Vector2( -315, 120 ) ]
}
tracks/6/type = "value"
tracks/6/path = NodePath("../ancher_answer/gesicht:position")
tracks/6/interp = 1
tracks/6/loop_wrap = true
tracks/6/imported = false
tracks/6/enabled = true
tracks/6/keys = {
"times": PoolRealArray( 0, 0.1, 1.7 ),
"transitions": PoolRealArray( 1, 1, 1 ),
"update": 0,
"values": [ Vector2( -13, 45 ), Vector2( -25, 45 ), Vector2( -315, 120 ) ]
}
tracks/7/type = "value"
tracks/7/path = NodePath("../ancher_answer/füße:position")
tracks/7/interp = 1
tracks/7/loop_wrap = true
tracks/7/imported = false
tracks/7/enabled = true
tracks/7/keys = {
"times": PoolRealArray( 0, 0.1, 1.7 ),
"transitions": PoolRealArray( 1, 1, 1 ),
"update": 0,
"values": [ Vector2( -14, 45 ), Vector2( -26, 45 ), Vector2( -315, 120 ) ]
}
tracks/8/type = "value"
tracks/8/path = NodePath("../ancher_text/Sitzenplayer:frame")
tracks/8/interp = 1
tracks/8/loop_wrap = true
tracks/8/imported = false
tracks/8/enabled = true
tracks/8/keys = {
"times": PoolRealArray( 2.2 ),
"transitions": PoolRealArray( 1 ),
"update": 1,
"values": [ 5 ]
}
tracks/9/type = "value"
tracks/9/path = NodePath("../Camera2D:position")
tracks/9/interp = 1
tracks/9/loop_wrap = true
tracks/9/imported = false
tracks/9/enabled = true
tracks/9/keys = {
"times": PoolRealArray( 0, 1.7 ),
"transitions": PoolRealArray( 1, 0.2 ),
"update": 0,
"values": [ Vector2( 270, 90 ), Vector2( 70, 160 ) ]
}
tracks/10/type = "value"
tracks/10/path = NodePath("../ancher_answer/ColorRect:rect_position")
tracks/10/interp = 1
tracks/10/loop_wrap = true
tracks/10/imported = false
tracks/10/enabled = true
tracks/10/keys = {
"times": PoolRealArray( 0, 1.7 ),
"transitions": PoolRealArray( 1, 1 ),
"update": 0,
"values": [ Vector2( 0, -20 ), Vector2( -322, 52 ) ]
}
tracks/11/type = "value"
tracks/11/path = NodePath("../ancher_answer/answer:rect_position")
tracks/11/interp = 1
tracks/11/loop_wrap = true
tracks/11/imported = false
tracks/11/enabled = true
tracks/11/keys = {
"times": PoolRealArray( 0, 1.7 ),
"transitions": PoolRealArray( 1, 1 ),
"update": 0,
"values": [ Vector2( 8, -16 ), Vector2( -314, 60 ) ]
}
tracks/12/type = "value"
tracks/12/path = NodePath("../pucnh:playing")
tracks/12/interp = 1
tracks/12/loop_wrap = true
tracks/12/imported = false
tracks/12/enabled = true
tracks/12/keys = {
"times": PoolRealArray( 2.05 ),
"transitions": PoolRealArray( 1 ),
"update": 1,
"values": [ true ]
}
tracks/13/type = "value"
tracks/13/path = NodePath("../damage:playing")
tracks/13/interp = 1
tracks/13/loop_wrap = true
tracks/13/imported = false
tracks/13/enabled = true
tracks/13/keys = {
"times": PoolRealArray( 2.1 ),
"transitions": PoolRealArray( 1 ),
"update": 1,
"values": [ true ]
}
tracks/14/type = "value"
tracks/14/path = NodePath("../Schritt1:playing")
tracks/14/interp = 1
tracks/14/loop_wrap = true
tracks/14/imported = false
tracks/14/enabled = true
tracks/14/keys = {
"times": PoolRealArray( 0.2, 1.05 ),
"transitions": PoolRealArray( 1, 1 ),
"update": 1,
"values": [ true, true ]
}
tracks/15/type = "value"
tracks/15/path = NodePath("../Schritt:playing")
tracks/15/interp = 1
tracks/15/loop_wrap = true
tracks/15/imported = false
tracks/15/enabled = true
tracks/15/keys = {
"times": PoolRealArray( 0.6, 1.45 ),
"transitions": PoolRealArray( 1, 1 ),
"update": 1,
"values": [ true, true ]
}
tracks/16/type = "value"
tracks/16/path = NodePath("../Schritt:volume_db")
tracks/16/interp = 1
tracks/16/loop_wrap = true
tracks/16/imported = false
tracks/16/enabled = true
tracks/16/keys = {
"times": PoolRealArray( 0.6, 1.75 ),
"transitions": PoolRealArray( 1, 1 ),
"update": 0,
"values": [ -10.0, 0.0 ]
}
tracks/17/type = "value"
tracks/17/path = NodePath("../Schritt1:volume_db")
tracks/17/interp = 1
tracks/17/loop_wrap = true
tracks/17/imported = false
tracks/17/enabled = true
tracks/17/keys = {
"times": PoolRealArray( 0.2, 1.05 ),
"transitions": PoolRealArray( 1, 1 ),
"update": 0,
"values": [ -15.0, -5.0 ]
}

[sub_resource type="Animation" id=11]
resource_name = "angst"
length = 1.2
tracks/0/type = "value"
tracks/0/path = NodePath("../ancher_answer/Sitzengegner:frame")
tracks/0/interp = 1
tracks/0/loop_wrap = true
tracks/0/imported = false
tracks/0/enabled = true
tracks/0/keys = {
"times": PoolRealArray( 0, 0.3, 0.6, 0.8, 0.9 ),
"transitions": PoolRealArray( 1, 1, 1, 1, 1 ),
"update": 1,
"values": [ 4, 5, 6, 7, 8 ]
}
tracks/1/type = "value"
tracks/1/path = NodePath("../ancher_answer/SitzengegnerGesicht:frame")
tracks/1/interp = 1
tracks/1/loop_wrap = true
tracks/1/imported = false
tracks/1/enabled = true
tracks/1/keys = {
"times": PoolRealArray( 0, 0.3, 0.6, 0.8, 0.9 ),
"transitions": PoolRealArray( 1, 1, 1, 1, 1 ),
"update": 1,
"values": [ 4, 5, 6, 7, 8 ]
}

[sub_resource type="Animation" id=7]
resource_name = "gegner idle"
length = 2.0
loop = true
tracks/0/type = "value"
tracks/0/path = NodePath("../ancher_answer/Sitzengegner:frame")
tracks/0/interp = 1
tracks/0/loop_wrap = true
tracks/0/imported = false
tracks/0/enabled = true
tracks/0/keys = {
"times": PoolRealArray( 0, 0.7, 1.5 ),
"transitions": PoolRealArray( 1, 1, 1 ),
"update": 1,
"values": [ 0, 1, 2 ]
}
tracks/1/type = "value"
tracks/1/path = NodePath("../ancher_answer/SitzengegnerGesicht:frame")
tracks/1/interp = 1
tracks/1/loop_wrap = true
tracks/1/imported = false
tracks/1/enabled = true
tracks/1/keys = {
"times": PoolRealArray( 0, 0.7, 1.5 ),
"transitions": PoolRealArray( 1, 1, 1 ),
"update": 1,
"values": [ 0, 1, 2 ]
}
tracks/2/type = "value"
tracks/2/path = NodePath("../ancher_answer/Gehen:frame")
tracks/2/interp = 1
tracks/2/loop_wrap = true
tracks/2/imported = false
tracks/2/enabled = true
tracks/2/keys = {
"times": PoolRealArray( 0 ),
"transitions": PoolRealArray( 1 ),
"update": 1,
"values": [ 52 ]
}
tracks/3/type = "value"
tracks/3/path = NodePath("../ancher_answer/füße:frame")
tracks/3/interp = 1
tracks/3/loop_wrap = true
tracks/3/imported = false
tracks/3/enabled = true
tracks/3/keys = {
"times": PoolRealArray( 0 ),
"transitions": PoolRealArray( 1 ),
"update": 1,
"values": [ 0 ]
}
tracks/4/type = "value"
tracks/4/path = NodePath("../ancher_answer/gesicht:frame")
tracks/4/interp = 1
tracks/4/loop_wrap = true
tracks/4/imported = false
tracks/4/enabled = true
tracks/4/keys = {
"times": PoolRealArray( 0 ),
"transitions": PoolRealArray( 1 ),
"update": 1,
"values": [ 52 ]
}

[sub_resource type="Animation" id=2]
resource_name = "Camera gegner"
tracks/0/type = "value"
tracks/0/path = NodePath("Camera2D:position")
tracks/0/interp = 1
tracks/0/loop_wrap = true
tracks/0/imported = false
tracks/0/enabled = true
tracks/0/keys = {
"times": PoolRealArray( 0, 0.3 ),
"transitions": PoolRealArray( 1, 5 ),
"update": 0,
"values": [ Vector2( 70, 160 ), Vector2( 270, 90 ) ]
}

[sub_resource type="Animation" id=3]
length = 0.001
tracks/0/type = "value"
tracks/0/path = NodePath("Camera2D:position")
tracks/0/interp = 1
tracks/0/loop_wrap = true
tracks/0/imported = false
tracks/0/enabled = true
tracks/0/keys = {
"times": PoolRealArray( 0 ),
"transitions": PoolRealArray( 1 ),
"update": 0,
"values": [ Vector2( 70, 160 ) ]
}
tracks/1/type = "value"
tracks/1/path = NodePath("Camera2D:offset_h")
tracks/1/interp = 1
tracks/1/loop_wrap = true
tracks/1/imported = false
tracks/1/enabled = true
tracks/1/keys = {
"times": PoolRealArray( 0 ),
"transitions": PoolRealArray( 1 ),
"update": 0,
"values": [ 0.0 ]
}
tracks/2/type = "value"
tracks/2/path = NodePath("ancher_text/Sitzenplayer:frame")
tracks/2/interp = 1
tracks/2/loop_wrap = true
tracks/2/imported = false
tracks/2/enabled = true
tracks/2/keys = {
"times": PoolRealArray( 0 ),
"transitions": PoolRealArray( 1 ),
"update": 0,
"values": [ 0 ]
}
tracks/3/type = "value"
tracks/3/path = NodePath("ancher_answer/SitzengegnerGesicht:frame")
tracks/3/interp = 1
tracks/3/loop_wrap = true
tracks/3/imported = false
tracks/3/enabled = true
tracks/3/keys = {
"times": PoolRealArray( 0 ),
"transitions": PoolRealArray( 1 ),
"update": 0,
"values": [ 0 ]
}
tracks/4/type = "value"
tracks/4/path = NodePath("ancher_answer/Sitzengegner:frame")
tracks/4/interp = 1
tracks/4/loop_wrap = true
tracks/4/imported = false
tracks/4/enabled = true
tracks/4/keys = {
"times": PoolRealArray( 0 ),
"transitions": PoolRealArray( 1 ),
"update": 0,
"values": [ 0 ]
}

[sub_resource type="Animation" id=4]
resource_name = "idle"
loop = true
tracks/0/type = "value"
tracks/0/path = NodePath("ancher_text/Sitzenplayer:frame")
tracks/0/interp = 1
tracks/0/loop_wrap = true
tracks/0/imported = false
tracks/0/enabled = true
tracks/0/keys = {
"times": PoolRealArray( 0, 0.3, 0.6 ),
"transitions": PoolRealArray( 1, 1, 1 ),
"update": 1,
"values": [ 0, 1, 2 ]
}

[sub_resource type="Animation" id=5]
resource_name = "reden"
length = 0.2
step = 0.05
tracks/0/type = "value"
tracks/0/path = NodePath("ancher_text/Sitzenplayer:frame")
tracks/0/interp = 1
tracks/0/loop_wrap = true
tracks/0/imported = false
tracks/0/enabled = true
tracks/0/keys = {
"times": PoolRealArray( 0.05, 0.2 ),
"transitions": PoolRealArray( 1, 1 ),
"update": 1,
"values": [ 0, 3 ]
}

[sub_resource type="Animation" id=6]
resource_name = "thinking"
tracks/0/type = "value"
tracks/0/path = NodePath("ancher_text/Sitzenplayer:frame")
tracks/0/interp = 1
tracks/0/loop_wrap = true
tracks/0/imported = false
tracks/0/enabled = true
tracks/0/keys = {
"times": PoolRealArray( 0 ),
"transitions": PoolRealArray( 1 ),
"update": 1,
"values": [ 4 ]
}

[node name="Control" type="Control"]
margin_left = 0.667419
margin_top = -1.33484
margin_right = 412.667
margin_bottom = 323.665

[node name="Timer3" type="Sprite" parent="."]
position = Vector2( 132.433, 84.233 )
scale = Vector2( 1.8, 1.1 )
texture = ExtResource( 10 )

[node name="HintergrundLvl1,5" type="Sprite" parent="."]
position = Vector2( 431.434, -78.7337 )
texture = ExtResource( 3 )

[node name="Node2D" type="Node2D" parent="."]
script = ExtResource( 1 )

[node name="Uhr" type="Label" parent="Node2D"]
margin_left = 85.0229
margin_top = 30.836
margin_right = 187.023
margin_bottom = 118.836
custom_colors/font_color = Color( 1.2, 0, 0, 1 )
custom_fonts/font = ExtResource( 6 )
text = "0 00:00"
script = ExtResource( 5 )
__meta__ = {
"_edit_use_anchors_": false
}

[node name="Camera2D" type="Camera2D" parent="Node2D"]
position = Vector2( 70, 160 )
current = true
zoom = Vector2( 0.5, 0.5 )
limit_smoothed = true
smoothing_enabled = true

[node name="ancher_text" type="Node2D" parent="Node2D"]
position = Vector2( -29.0703, 112.239 )

[node name="Sitzenplayer" type="Sprite" parent="Node2D/ancher_text"]
position = Vector2( 0, 43 )
texture = ExtResource( 7 )
hframes = 6

[node name="Button4" type="Button" parent="Node2D/ancher_text"]
margin_left = -26.1802
margin_top = -11.2204
margin_right = 23.8198
margin_bottom = 8.77965
rect_pivot_offset = Vector2( 25, 10 )
hint_tooltip = "Do nothing"
text = "..."
__meta__ = {
"_edit_use_anchors_": false,
"_editor_description_": "do nothing"
}

[node name="Button3" type="Button" parent="Node2D/ancher_text"]
margin_left = -29.0
margin_top = 75.0
margin_right = 21.0
margin_bottom = 95.0
rect_pivot_offset = Vector2( 25, 10 )
text = "check"
__meta__ = {
"_edit_use_anchors_": false
}

[node name="Button2" type="Button" parent="Node2D/ancher_text"]
margin_left = -100.0
margin_top = 25.7492
margin_right = -22.0
margin_bottom = 45.7492
text = "intimidate"
__meta__ = {
"_edit_use_anchors_": false
}

[node name="Button" type="Button" parent="Node2D/ancher_text"]
margin_left = 24.2509
margin_top = 25.0
margin_right = 99.2509
margin_bottom = 45.0
text = "provoke"
__meta__ = {
"_edit_use_anchors_": false
}

[node name="ColorRect" type="ColorRect" parent="Node2D/ancher_text"]
margin_bottom = 40.0
color = Color( 0, 0, 0, 0.329412 )
__meta__ = {
"_edit_use_anchors_": false
}

[node name="text" type="RichTextLabel" parent="Node2D/ancher_text"]
margin_left = 8.0
margin_top = 8.0
margin_bottom = 48.0
custom_colors/default_color = Color( 1, 1, 1, 1 )
bbcode_enabled = true
visible_characters = 0
scroll_active = false
custom_effects = [ SubResource( 1 ) ]
__meta__ = {
"_edit_use_anchors_": false
}

[node name="ancher_answer" type="Node2D" parent="Node2D"]
position = Vector2( 301, 40.5 )

[node name="Sitzengegner" type="Sprite" parent="Node2D/ancher_answer"]
position = Vector2( -5, 40 )
texture = ExtResource( 14 )
hframes = 10

[node name="SitzengegnerGesicht" type="Sprite" parent="Node2D/ancher_answer"]
modulate = Color( 0.431373, 0.239216, 0.0588235, 1 )
position = Vector2( -5, 40 )
texture = ExtResource( 15 )
hframes = 10

[node name="ColorRect" type="ColorRect" parent="Node2D/ancher_answer"]
anchor_right = 1.0
margin_top = -20.0
margin_bottom = 19.9998
color = Color( 1, 1, 1, 0.392157 )
__meta__ = {
"_edit_use_anchors_": false
}

[node name="answer" type="RichTextLabel" parent="Node2D/ancher_answer"]
margin_left = 8.0
margin_top = -16.0
margin_right = 8.0
margin_bottom = 15.9999
rect_clip_content = false
custom_colors/default_color = Color( 0, 0, 0, 1 )
bbcode_enabled = true
visible_characters = 0
scroll_active = false
__meta__ = {
"_edit_use_anchors_": false
}

[node name="Gehen" type="Sprite" parent="Node2D/ancher_answer"]
position = Vector2( -13, 45 )
texture = ExtResource( 16 )
flip_h = true
hframes = 60

[node name="füße" type="Sprite" parent="Node2D/ancher_answer"]
position = Vector2( -15, 45 )
texture = ExtResource( 18 )
flip_h = true
hframes = 12

[node name="gesicht" type="Sprite" parent="Node2D/ancher_answer"]
modulate = Color( 0.43, 0.24, 0.06, 1 )
position = Vector2( -13, 45 )
texture = ExtResource( 17 )
flip_h = true
hframes = 60

[node name="Timer" type="Timer" parent="Node2D"]
one_shot = true

[node name="Speech gegner" type="AudioStreamPlayer" parent="Node2D"]
stream = ExtResource( 2 )
bus = "SFX"

[node name="Thinking" type="AudioStreamPlayer" parent="Node2D"]
stream = ExtResource( 12 )
bus = "SFX"

[node name="reden" type="AudioStreamPlayer" parent="Node2D"]
stream = ExtResource( 13 )
bus = "SFX"

[node name="Timer2" type="Timer" parent="Node2D"]
one_shot = true

[node name="TextureProgress" type="TextureProgress" parent="Node2D"]
margin_left = 249.5
margin_right = 351.5
margin_bottom = 9.0
min_value = 3.0
max_value = 15.0
value = 9.0
texture_under = ExtResource( 8 )
texture_over = ExtResource( 9 )
texture_progress = ExtResource( 8 )
tint_under = Color( 0, 0, 0, 1 )
tint_over = Color( 0.286275, 0.32549, 0.658824, 1 )
tint_progress = Color( 0.607843, 0.713726, 0.141176, 1 )
__meta__ = {
"_edit_use_anchors_": false
}

[node name="Label" type="Label" parent="Node2D/TextureProgress"]
margin_left = 71.0
margin_top = -22.0
margin_right = 129.0
margin_bottom = -2.0
custom_colors/font_color = Color( 0.615686, 0, 0, 1 )
custom_fonts/font = ExtResource( 24 )
text = "Angry"
__meta__ = {
"_edit_use_anchors_": false
}

[node name="Label2" type="Label" parent="Node2D/TextureProgress"]
margin_left = -33.0
margin_top = -22.0
margin_right = 37.0
margin_bottom = -2.0
custom_fonts/font = ExtResource( 24 )
text = "Scared"

[node name="pucnh" type="AudioStreamPlayer" parent="Node2D"]
stream = ExtResource( 23 )
bus = "SFX"

[node name="schritt" type="AudioStreamPlayer2D" parent="Node2D"]
stream = ExtResource( 22 )
max_distance = 100.0
attenuation = 25.0
bus = "SFX"

[node name="schritt1" type="AudioStreamPlayer2D" parent="Node2D"]
stream = ExtResource( 21 )
attenuation = 25.0
bus = "SFX"

[node name="Schritt" type="AudioStreamPlayer" parent="Node2D"]
stream = ExtResource( 22 )

[node name="Schritt1" type="AudioStreamPlayer" parent="Node2D"]
stream = ExtResource( 21 )

[node name="damage" type="AudioStreamPlayer" parent="Node2D"]
stream = ExtResource( 20 )
bus = "SFX"

[node name="AnimationPlayer2" type="AnimationPlayer" parent="Node2D"]
root_node = NodePath("../AnimationPlayer")
anims/RESET = SubResource( 8 )
anims/Reden = SubResource( 9 )
anims/Wut = SubResource( 12 )
anims/Wut2 = ExtResource( 19 )
anims/angst = SubResource( 11 )
"anims/gegner idle" = SubResource( 7 )

[node name="AnimationPlayer" type="AnimationPlayer" parent="Node2D"]
"anims/Camera gegner" = SubResource( 2 )
anims/RESET = SubResource( 3 )
"anims/camera spieler" = ExtResource( 11 )
anims/idle = SubResource( 4 )
anims/reden = SubResource( 5 )
anims/thinking = SubResource( 6 )

[connection signal="Rounds" from="Node2D" to="Node2D/Uhr" method="_on_Node2D_Rounds"]
[connection signal="button_down" from="Node2D/ancher_text/Button4" to="Node2D" method="_on_Button4_button_down"]
[connection signal="button_down" from="Node2D/ancher_text/Button3" to="Node2D" method="_on_Button3_button_down"]
[connection signal="button_down" from="Node2D/ancher_text/Button2" to="Node2D" method="_on_Button2_button_down"]
[connection signal="button_down" from="Node2D/ancher_text/Button" to="Node2D" method="_on_Button_button_down"]
