[gd_scene load_steps=18 format=2]

[ext_resource path="res://Data/Player.tscn" type="PackedScene" id=1]
[ext_resource path="res://Data/Gegner/explosive drone.tscn" type="PackedScene" id=2]
[ext_resource path="res://Data/Levels/Label.gd" type="Script" id=3]
[ext_resource path="res://Data/Skript/Level2.gd" type="Script" id=4]
[ext_resource path="res://Data/Assets/Background/Hintergrund lvl1.png" type="Texture" id=5]
[ext_resource path="res://Data/Livebar.tscn" type="PackedScene" id=6]
[ext_resource path="res://Data/Gegner/ConnectionII.tres" type="DynamicFont" id=7]
[ext_resource path="res://Data/Assets/Background/vordergrund.png" type="Texture" id=8]
[ext_resource path="res://Data/Assets/Background/Timer.png" type="Texture" id=9]
[ext_resource path="res://Data/Hintergrund/Hintergrund.tscn" type="PackedScene" id=10]
[ext_resource path="res://Data/UI/Settings.tscn" type="PackedScene" id=11]
[ext_resource path="res://Data/player enemey/Player2.gd" type="Script" id=12]
[ext_resource path="res://Data/Hintergrund/gegnerhealtbar.tscn" type="PackedScene" id=13]
[ext_resource path="res://Data/Hintergrund/gegnerhealtbar.gd" type="Script" id=14]

[sub_resource type="RectangleShape2D" id=1]
extents = Vector2( 281.782, 10 )

[sub_resource type="RectangleShape2D" id=2]
extents = Vector2( 6.49714, 41.8433 )

[sub_resource type="RectangleShape2D" id=3]
extents = Vector2( 10, 39.9346 )

[node name="Level2" type="Node2D"]
position = Vector2( 497.438, 272.692 )
script = ExtResource( 4 )
__meta__ = {
"_edit_horizontal_guides_": [ -431.109 ]
}

[node name="Hintergrund" parent="." instance=ExtResource( 10 )]
position = Vector2( 33.7819, -269.82 )
scale = Vector2( 2, 1 )

[node name="Timer2" type="Sprite" parent="."]
position = Vector2( 25.557, -112 )
scale = Vector2( 1.8, 1.1 )
texture = ExtResource( 9 )

[node name="HintergrundLvl1" type="Sprite" parent="."]
position = Vector2( 205.418, -270.414 )
texture = ExtResource( 5 )

[node name="StaticBody2D" type="StaticBody2D" parent="."]
position = Vector2( 0, -23.9729 )
collision_layer = 4
collision_mask = 0

[node name="CollisionShape2D" type="CollisionShape2D" parent="StaticBody2D"]
position = Vector2( -0.919739, -2 )
shape = SubResource( 1 )

[node name="Timer" type="Timer" parent="."]
pause_mode = 1
process_mode = 0
wait_time = 30.0

[node name="Uhr" type="Label" parent="."]
margin_left = -22.0
margin_top = -165.0
margin_right = 82.0
margin_bottom = -59.0
custom_colors/font_color = Color( 1.2, 0, 0, 1 )
custom_fonts/font = ExtResource( 7 )
text = "0 00:00"
script = ExtResource( 3 )
__meta__ = {
"_edit_use_anchors_": false
}

[node name="StaticBody2D2" type="StaticBody2D" parent="."]
position = Vector2( -278.6, -78.4889 )

[node name="CollisionShape2D" type="CollisionShape2D" parent="StaticBody2D2"]
position = Vector2( -6.75, 0 )
shape = SubResource( 2 )

[node name="StaticBody2D3" type="StaticBody2D" parent="."]

[node name="CollisionShape2D" type="CollisionShape2D" parent="StaticBody2D3"]
position = Vector2( 287.35, -77.2605 )
shape = SubResource( 3 )

[node name="Camera2D" type="Camera2D" parent="."]
position = Vector2( 0, -18 )
current = true
zoom = Vector2( 0.75, 0.75 )
process_mode = 0
smoothing_enabled = true

[node name="Playerlvl2" parent="." instance=ExtResource( 1 )]
position = Vector2( -210.767, -63.1429 )
collision_mask = 7
script = ExtResource( 12 )

[node name="Vordergrund" type="Sprite" parent="."]
position = Vector2( 205.418, -270.414 )
texture = ExtResource( 8 )

[node name="CanvasLayer" type="CanvasLayer" parent="."]

[node name="Healtbar" parent="CanvasLayer" instance=ExtResource( 6 )]
anchor_right = 1.0
margin_left = 16.0
margin_top = 32.0
margin_right = -903.0
margin_bottom = 44.0

[node name="TextureProgress" parent="CanvasLayer" instance=ExtResource( 13 )]
visible = false
margin_left = 1800.0
margin_top = 32.0
margin_right = 1902.0
margin_bottom = 76.0
script = ExtResource( 14 )

[node name="Settings" parent="." instance=ExtResource( 11 )]
margin_left = -236.802
margin_top = -307.956
margin_right = -196.802
margin_bottom = -267.956

[node name="AudioStreamPlayer" type="AudioStreamPlayer" parent="."]
autoplay = true
bus = "Musik"

[node name="explosive Drone" parent="." instance=ExtResource( 2 )]
position = Vector2( 160.244, -72.1057 )

[connection signal="Rounds" from="." to="Uhr" method="_on_Level1_Rounds"]
[connection signal="health_changed" from="." to="CanvasLayer/Healtbar" method="_on_Level1_health_changed"]
[connection signal="timeout" from="Timer" to="." method="_on_Timer_timeout"]
[connection signal="camara" from="Playerlvl2" to="." method="_on_Player_camara"]
[connection signal="died" from="Playerlvl2" to="." method="_on_Player_died"]
[connection signal="health_changed" from="Playerlvl2" to="." method="_on_Player_health_changed"]
[connection signal="isvisible" from="Settings" to="CanvasLayer/TextureProgress" method="_on_Settings_isvisible"]
[connection signal="menuclosed" from="Settings" to="." method="_on_Settings_menuclosed"]
[connection signal="menuclosed" from="Settings" to="Uhr" method="_on_Settings_menuclosed"]
[connection signal="menuopen" from="Settings" to="." method="_on_Settings_menuopen"]
[connection signal="menuopen" from="Settings" to="Uhr" method="_on_Settings_menuopen"]
